1612 2840
583 286 681 324 DES
706 284 834 325 SEPtt·
858 285 1035 325 SAGES.

451 382 490 424 A
503 392 659 423 romme
671 379 782 433 νίκη,
807 379 838 421 il
852 394 875 422 a
891 379 1034 423 trouue

449 453 510 494 Le
524 451 587 493 roi
600 450 755 493 malade
770 457 811 492 et
824 449 1022 505 bochere3

447 523 509 564 La
522 521 679 579 puciele
692 521 731 563 le
745 521 874 575 salua,

448 593 505 634 Et
518 592 766 634 maintenant
778 591 1001 634 laraisonna

349 662 422 706 105
448 663 529 705 Par
542 669 662 719 grant
676 661 885 704 douchour
899 669 940 704 et
953 676 1028 719 par
1040 676 1199 717 amour,

448 733 515 775 Ril
530 741 600 774 aut
615 732 781 790 vengier
792 732 833 774 le
847 741 1054 784 creamur..

450 803 542 857 Que
555 802 639 860 giui
653 810 726 844 ont
740 801 926 845 crucefiie

449 875 489 916 A
502 881 621 930 grant
633 881 719 915 tort
733 881 775 916 et
788 887 809 914 a
824 881 943 929 grant
956 872 1123 930 pechie3

449 944 506 985 Et
519 944 549 985 il
563 933 731 1000 respont
744 957 835 985 com
852 942 1105 986 deboinaire=

350 1030 365 1055 ι
376 1027 424 1056 ιο
449 1014 566 1056 Biele
580 1014 683 1056 amie
692 1044 704 1066 ‚
731 1013 770 1055 ie
783 1014 850 1055 nel
863 1014 954 1069 puis
967 1013 1069 1056 faire
1078 1044 1091 1068 ‚

448 1085 528 1127 Car
541 1084 579 1126 ie
593 1084 660 1125 nai
672 1083 790 1140 point
804 1083 854 1126 de
867 1084 907 1125 la
920 1098 1023 1128 vene
1032 1114 1047 1139 ,

448 1155 542 1201 Vne
557 1154 759 1196 doloursie
773 1169 840 1196 ma
853 1154 976 1198 tolue.

447 1226 504 1267 Et
518 1225 581 1267 ele
595 1225 676 1267 dist
689 1239 739 1267 en
755 1224 995 1267 audienche=

446 1296 505 1337 Et
517 1294 620 1337 dont·
631 1303 749 1336 nastu
761 1294 899 1336 bonne
914 1295 1107 1337 creanche
1115 1295 1137 1337 ἱ)

348 1381 363 1406 ι
375 1364 422 1408 15
448 1363 511 1408 Or
522 1363 581 1407 fai
593 1364 843 1406 maintenant
855 1379 946 1407 sans
965 1366 1150 1422 essoigne

449 1436 494 1478 Si
510 1443 574 1478 ter
588 1443 649 1477 tes
663 1435 728 1477 iex
741 1449 832 1478 aces
845 1435 1034 1491 sydoine3

445 1506 526 1549 car
539 1522 591 1549 au
604 1519 695 1548 cors
708 1505 824 1548 ihesu
837 1506 877 1548 le
891 1507 1075 1561 touched,

447 1579 504 1620 Et
518 1591 580 1620 ses
594 1577 721 1634 plaies
736 1591 788 1620 en
802 1579 931 1619 essuai
939 1593 954 1631 3

446 1649 512 1690 Un
527 1648 633 1704 petit
648 1663 698 1691 en
713 1648 750 1689 ai
764 1656 930 1705 aperte,

351 1730 424 1761 120
450 1719 484 1759 11
499 1727 560 1760 est
574 1733 624 1761 en
638 1719 769 1761 lautre
784 1718 993 1774 enuolepe.

450 1789 588 1842 Quant
601 1790 633 1831 li
646 1789 728 1832 rois
743 1789 863 1831 ichou
877 1788 1064 1841 emendi,

447 1861 512 1902 De
527 1874 595 1902 sor
608 1874 683 1902 son
696 1873 767 1902 nes
781 1874 855 1902 son
870 1859 957 1901 doit
973 1858 1082 1901 tendi
1090 1873 1104 1912 3

448 1931 552 1971 Lors
565 1930 652 1985 jura
666 1930 764 1983 dex,
791 1944 844 1971 en
858 1929 923 1971 cui
937 1943 1058 1972 creon
1070 1960 1084 1983 ‚

449 2003 538 2042 Mar
550 2001 590 2042 le
604 2008 824 2056 penserent
836 2000 867 2041 li
882 2000 1050 2056 glouton
1059 2030 1073 2054 ‚

352 2062 427 2113 1'25
454 2070 536 2124 Qui
552 2070 621 2112 diu
635 2079 709 2113 ont
723 2071 757 2113 si
771 2071 998 2113 contraliie!

451 2141 550 2183 'ruit
563 2149 701 2183 ser-ont
715 2150 757 2184 et
769 2141 854 2198 pris
869 2149 909 2183 et
922 2138 1010 2184 l'iie!

449 2211 578 2254 Sitost
591 2225 684 2254 com
697 2212 728 2254 li
740 2212 823 2254 rois
837 2220 882 2254 ot
892 2212 1001 2269 jure,

452 2284 510 2324 Et
524 2297 574 2324 au
587 2283 754 2339 signour
768 2291 813 2326 ot
826 2283 964 2335 adesse,

454 2355 517 2395 De
531 2354 779 2397 maintenant
794 2353 847 2398 od
862 2367 903 2396 sa
919 2367 1018 2396 veue
1030 2384 1041 2405 ‚
