1670 2820
276 356 339 391 lxx
718 354 803 392 Em
807 354 987 393 LEITUN
992 354 1039 392 G.

271 467 360 497 sere
386 454 652 512 Gelegenheit
676 469 887 512 emptu-en,
914 455 999 497 und
1029 455 1244 512 begnfigen
1267 469 1342 498 uns
1371 456 1482 510 hier,

271 527 402 584 einige
425 527 497 568 der
515 526 859 583 eingessochtenen
882 527 1167 584 Erziihlungen
1189 528 1452 570 auszuheben.

374 599 459 641 MS.
486 598 539 640 du
567 599 629 641 roi
653 598 701 641 11⁰
723 598 842 655 4096.
881 623 939 633 -
976 600 1061 642 Ans
1097 600 1191 643 dem
1224 601 1365 643 Buche
1400 598 1477 640 De

267 669 437 712 mar-hes
463 669 514 711 de
548 684 724 712 romme.
777 672 811 713 11
843 679 889 713 ot
922 672 959 728 .j.
986 673 1051 714 roi
1080 687 1130 715 en
1156 687 1297 730 perse,
1333 672 1406 730 qui
1434 678 1481 714 ot

266 756 348 784 non
377 742 496 785 daire.
549 742 646 785 ichil
674 743 784 784 daire
810 743 921 785 avoit
954 758 1034 786 une
1073 744 1156 787 fille
1188 745 1255 787 cui
1282 745 1313 786 il
1345 743 1479 786 tenoit

265 814 397 856 moult
422 822 561 856 courte
592 822 633 855 et
663 815 702 855 le
731 813 866 856 faisoit
893 816 1039 872 garder
1068 829 1118 858 en
1147 829 1226 858 une
1251 823 1345 858 tom·
1378 823 1420 858 et
1447 815 1479 856 li

264 885 375 928 avoit
398 886 534 928 haillie
557 887 686 928 moult
710 895 828 943 grant
856 887 1028 929 mainnie
1053 902 1132 942 por
1153 888 1184 929 li
1199 887 1347 940 sex-uir,
1375 886 1477 928 mais

262 966 355 999 tout
384 959 415 999 li
444 958 564 1000 home
595 958 645 1000 de
669 958 708 999 13
735 959 909 1001 mainnie
940 974 963 1000 3
990 959 1028 1000 13
1054 959 1285 1001 damoisiele
1303 958 1478 1000 estoient

262 1038 411 1083 castre,
439 1045 490 1071 ne
517 1030 546 1071 li
568 1031 648 1071 rois
672 1043 722 1072 ne
746 1031 874 1071 uoloit
899 1030 1049 1072 soufiir
1073 1046 1154 1089 que
1184 1039 1300 1072 autre
1326 1030 1476 1071 houme

260 1101 275 1142 i
294 1102 544 1144 entraissent.
602 1103 734 1143 moult
751 1102 872 1143 estoit
899 1103 937 1144 13
953 1104 1109 1158 puciele
1133 1103 1182 1144 de
1203 1111 1322 1159 grant
1341 1102 1478 1144 hiante

260 1181 302 1215 et
320 1173 370 1216 de
389 1181 507 1229 grant
529 1187 669 1215 renon.
722 1188 770 1215 or
786 1181 830 1215 ot
850 1173 879 1214 li
894 1174 975 1222 rois
997 1175 1033 1230 .j.
1061 1175 1239 1216 senescal
1257 1174 1327 1231 qui
1344 1174 1475 1215 moult

259 1246 383 1287 estoit
412 1260 524 1302 sages
552 1245 661 1287 hom.
716 1244 787 1287 icis
817 1259 1023 1288 senescaus
1047 1254 1092 1287 ot
1118 1246 1154 1300 .j.
1177 1246 1220 1287 fil
1245 1246 1316 1303 qui
1344 1246 1476 1286 moult

260 1317 509 1378 estoitvbiaus
533 1325 574 1358 et
589 1331 700 1373 sages
718 1318 818 1359 clers
835 1326 875 1358 et
889 1317 983 1359 bien
998 1333 1041 1360 se
1059 1317 1277 1359 counissoit
1294 1318 1330 1359 el
1350 1331 1470 1359 cours

257 1389 327 1431 des
362 1390 541 1442 estoiles,
570 1397 611 1431 et
642 1403 766 1431 auoec
787 1398 878 1431 tout
912 1402 988 1431 cou
1023 1389 1145 1430 estoit
1173 1389 1291 1430 boins
1322 1388 1471 1431 chena-

256 1462 353 1503 liers
379 1470 422 1503 et
455 1461 564 1503 auoit
590 1477 694 1504 anon
720 1476 890 1517 ysocars.
943 1462 1074 1503 moult
1107 1460 1232 1503 amoit
1268 1461 1299 1502 li
1327 1460 1472 1502 chena-

255 1533 349 1575 liers
373 1534 412 1575 le
433 1533 516 1575 fille
547 1534 586 1575 le
613 1535 674 1575 roi
696 1543 736 1575 et
756 1534 876 1575 estoit
896 1533 930 1575 si
953 1533 1111 1590 soupris
1129 1533 1180 1575 de
1198 1547 1358 1574 samour
1381 1532 1469 1589 quil

256 1620 308 1647 en
331 1605 452 1647 estoit
475 1605 558 1646 ausi
584 1619 726 1647 coume
749 1614 842 1647 tous
867 1605 1073 1647 foursenes
1101 1613 1143 1646 et
1171 1618 1221 1645 en
1243 1603 1312 1645 fist
1341 1603 1468 1644 maint

254 1678 458 1734 uasselage
480 1685 522 1718 et
548 1677 699 1718 mainte
718 1678 871 1718 mellee.
927 1685 1053 1734 quant
1071 1677 1109 1717 13
1126 1675 1285 1732 puciele
1310 1675 1350 1716 oi
1373 1690 1469 1731 par-

253 1749 315 1791 ler
341 1749 391 1790 de
411 1749 442 1790 li
461 1757 501 1790 et
525 1748 575 1789 de
595 1763 656 1790 ses
685 1748 782 1800 fais,
810 1749 844 1789 si
868 1748 906 1789 le
935 1747 1067 1789 eueilli
1100 1761 1150 1789 en
1178 1761 1339 1798 amour,
1366 1747 1466 1788 mais

253 1835 414 1876 ysocars
438 1835 489 1862 ne
509 1819 638 1862 sauoit
657 1820 736 1861 mie
757 1833 834 1876 que
860 1821 898 1860 13
919 1819 1076 1875 puciele
1100 1820 1254 1861 lamast.
1310 1827 1352 1860 et
1378 1826 1466 1859 tant

252 1893 336 1950 quil
358 1893 470 1934 auint
498 1908 572 1948 par
596 1892 632 1946 .j.
656 1891 782 1932 matin
820 1905 898 1948 que
932 1891 970 1931 la
1002 1891 1157 1947 puciele
1189 1892 1248 1932 ala
1287 1890 1393 1931 seoir
1420 1905 1463 1931 as

251 1965 441 2006 crestiaus
468 1965 518 2006 de
539 1965 577 2005 13
598 1972 692 2005 tour
716 1971 757 2004 et
778 1963 948 2019 regarda
975 1964 1061 2003 aual
1083 1971 1123 2004 et
1149 1964 1210 2004 uit
1237 1976 1286 2003 en
1307 1962 1346 2017 .j.
1371 1976 1462 2003 uer-

249 2036 315 2092 gie
343 2037 379 2092 .j.
405 2036 605 2077 chenalier
633 2036 738 2077 seoir
773 2043 863 2076 tout
894 2050 1024 2087 arme,
1055 2043 1096 2076 et
1123 2048 1165 2075 se
1200 2034 1376 2075 dormoit
1410 2048 1460 2074 au

247 2107 316 2163 pie
338 2108 388 2149 de
414 2109 451 2148 la
471 2116 558 2160 tor,
585 2107 618 2148 si
636 2107 764 2162 apiela
789 2121 850 2149 ses
871 2107 1046 2161 pucieles
1068 2115 1109 2148 et
1134 2107 1222 2147 leur
1243 2104 1458 2156 demanda,
1486 2131 1493 2137 -

248 2193 291 2220 se
315 2180 394 2220 eles
428 2179 464 2220 le
493 2179 786 2229 counissoient‚
814 2187 855 2219 et
881 2179 961 2219 eles
990 2179 1142 2220 disent:
1171 2179 1246 2230 oil‚
1275 2192 1355 2235 que
1381 2191 1458 2218 cou

247 2259 308 2292 est
326 2265 484 2305 ysocars
503 2251 571 2307 qui
602 2259 661 2292 est
681 2252 815 2305 espoir
836 2251 872 2290 la
892 2258 932 2291 et
951 2265 972 2290 a
999 2250 1107 2291 uillie
1134 2250 1256 2291 anuit.
1311 2263 1358 2290 or
1376 2257 1458 2290 sest

246 2323 460 2363 endormis.
515 2331 665 2373 certes,
694 2323 773 2363 dist
804 2324 886 2374 ele,
924 2323 1053 2363 moult
1086 2330 1147 2363 est
1173 2335 1328 2375 ysocars
1358 2322 1455 2361 (13ἰί-

245 2394 331 2435 lans
356 2402 396 2435 et
424 2407 578 2446 sanans,
605 2410 683 2451 que
701 2395 768 2435 iou
789 2410 840 2436 ne
862 2408 950 2434 men
971 2394 1061 2448 puis
1080 2394 1171 2448 plus
1195 2394 1303 2435 celer
1328 2408 1451 2434 auous
