1612 2840
583 270 682 309 DES
708 269 836 308 SEP'J:
860 269 1039 308 SAGES.

437 366 503 407 En
517 364 670 407 loreille
683 364 712 406 li
727 365 904 407 consilla.

436 435 571 489 Amis,
584 434 644 477 foi
660 447 738 493 que
753 434 821 476 doi
834 435 937 476 saint
951 434 1086 479 denise
1095 466 1109 491 ,

435 505 530 547 11fu
543 504 607 548 fils
625 520 673 547 au
688 505 826 562 signor
843 506 893 547 de
908 505 1017 549 frise.

307 575 409 631 ¹745
435 577 565 618 Dame
575 607 587 630 ‚
606 576 686 619 dist
700 577 749 631 il,
764 585 846 619 cest
861 577 955 619 bien
967 576 1121 632 raison3

436 645 498 689 Or
516 661 609 689 aura
625 655 791 690 auoutre
809 648 967 704 poison.

433 717 536 759 Lors
550 718 580 758 li
594 717 661 759 fist
676 732 744 760 car
762 718 812 759 de
829 718 932 760 buef
940 717 1141 774 maugier,

433 788 490 828 Et
505 801 556 829 en
571 788 660 829 leue
674 802 748 830 son
762 789 856 844 pain
872 788 1057 831 moillier.

431 858 489 899 Et
503 858 556 900 cil
570 858 832 900 commencha
846 873 868 900 a
883 873 1021 914 saner,

305 927 406 978 1750
433 929 471 970 A
486 928 595 985 garir
609 937 651 970 et
664 944 687 970 a
700 942 913 985 respasser.

432 998 578 1040 Adone
591 998 637 1041 fu
652 1000 704 1041 cil
722 1000 925 1058 asouagies
935 1031 949 1055 ‚

427 1069 484 1110 Et
497 1068 548 1111 de
567 1084 642 1112 son
663 1071 743 1112 mal
761 1078 854 1114 tous
871 1071 1029 1129 alegies.

707 1219 870 1262 LXXX.

428 1327 513 1397 Lx
523 1354 607 1398 rois
620 1355 651 1398 li
667 1354 798 1399 donne
813 1373 835 1400 a
849 1367 970 1417 grant
986 1361 1108 1418 pooir

426 1425 493 1468 Au
512 1425 691 1483 departir
709 1428 760 1470 de
776 1443 850 1472 son
865 1432 998 1487 auoir‚

297 1496 399 1551 1755
425 1498 482 1539 Et
498 1497 552 1539 cil
570 1511 643 1540 sen
661 1507 723 1541 est
738 1499 884 1543 dilluec
898 1510 1057 1560 tornes,

422 1569 463 1611 A
476 1582 645 1625 ypocras
662 1583 733 1612 sen
754 1579 816 1614 est
836 1573 930 1616 ales.

420 1639 594 1682 Loncles
608 1641 648 1682 le
662 1641 722 1684 vit
732 1672 744 1696 ‚
759 1642 793 1685 si
807 1643 874 1686 len
888 1645 1037 1702 apiehe,

421 1710 478 1751 Et
492 1709 522 1751 li
543 1712 728 1769 enquiert
745 1713 795 1755 de
816 1715 853 1755 la
871 1717 1042 1760 nouiele.

421 1780 480 1821 As
494 1788 539 1822 tu
553 1782 639 1837 gari
654 1783 692 1824 Ie
705 1782 749 1825 fil
764 1800 814 1826 au
828 1786 919 1828 roi?

295 1846 396 1902 1760
423 1848 492 1891 Oil
503 1881 515 1902 ‚
529 1850 643 1894 hiaus
658 1853 793 1895 oneles
803 1885 816 1906 ,
830 1869 906 1910 par
921 1871 985 1900 ma
1000 1858 1071 1902 foi.

421 1921 479 1962 Et
496 1934 576 1978 que
589 1922 618 1963 li
632 1922 706 1964 feis
727 1931 773 1976 tu
789 1926 911 1968 vser?

421 1991 477 2032 Et
492 1992 544 2033 cil
560 2002 727 2049 respont
742 2009 832 2038 sans
853 1996 1057 2042 demorer:

418 2063 468 2105 Je
490 2062 520 2103 li
535 2061 584 2104 fis
600 2063 696 2106 char
716 2065 766 2108 de
780 2066 885 2109 buef
894 2071 1093 2127 maugier,

420 2133 477 2173 Et
492 2147 543 2175 en
557 2134 691 2191 laighe
705 2150 778 2178 son
791 2138 886 2194 pain
903 2143 1099 2186 moullier.

296 2199 397 2256 1765
422 2203 519 2245 Dist
539 2219 729 2261 ypocras:
743 2208 784 2264 je
798 2209 859 2251 sui
874 2212 1065 2267 certains,

420 2273 480 2315 Re
493 2274 531 2315 la
551 2276 666 2318 roine
687 2278 763 2320 ale
783 2293 880 2322 cuer
893 2282 983 2324 vain
993 2298 1006 2337 3

417 2345 494 2387 Ele
511 2353 570 2388 est
587 2346 671 2390 fole
685 2362 751 2393 sos
765 2364 807 2393 sa
823 2351 995 2397 chemise
1001 2369 1015 2408 3

1416 275 1465 313 69
