1612 2840
195 343 243 386 ει,
679 339 729 376 u
753 340 965 380 nonus

764 431 907 505 Lxm.

343 611 356 636 ¹
366 600 444 644 355
474 576 680 660 Smmu,
693 605 866 658 ambies,
879 591 952 648 o’or
966 612 1011 648 ot
1027 605 1058 647 il
1071 604 1153 648 ioie

471 674 650 731 Grignor
664 690 744 732 que
758 675 829 732 qui
842 675 874 716 li
887 675 1061 717 donnast
1074 675 1191 718 troie.

469 747 572 786 Lors
587 743 696 786 auoit
709 757 772 786 ses
786 757 884 800 gens
899 743 1070 800 apielesz

470 815 620 871 Signor
634 814 711 856 dex
724 829 826 856 nous
841 829 865 856 a
877 813 1081 871 regardes.

470 887 572 926 Lors
587 884 602 925 i
617 892 785 927 courent
799 892 862 926 tot
875 884 1150 937 maintenant,

344 954 443 997 1360
470 956 525 996 Et
539 963 747 996 trouerent
760 954 914 996 lenfant
927 954 1061 1008 juant,

469 1027 526 1072 Et
540 1025 606 1067 del
620 1033 784 1082 serpent
804 1026 862 1067 les
881 1025 1045 1082 pieches
1059 1024 1205 1067 virent.

468 1097 572 1138 Molt
586 1097 644 1138 les
658 1095 875 1153 regat-dent
889 1103 930 1137 et
942 1095 1149 1141 remirent.

468 1170 676 1208 Trueuent
690 1167 729 1207 la
745 1175 844 1208 teste
860 1174 902 1207 et
915 1165 1108 1221 laguillon
1121 1196 1133 1218 ‚

467 1237 519 1278 Ri
533 1238 635 1278 molt
650 1236 770 1278 estoit
784 1251 880 1293 agus
896 1250 946 1278 en
960 1249 1034 1277 son
1043 1266 1056 1287 ‚

339 1323 353 1347 1
362 1306 440 1349 365
466 1308 523 1347 Et
537 1315 678 1348 seuent
691 1307 788 1348 bien
802 1321 882 1363 que
896 1307 935 1347 le
950 1305 1097 1347 lem-ier

467 1376 566 1418 Gari
578 1375 733 1417 lenfant
748 1376 798 1416 de
813 1375 1015 1415 lauresier.

464 1449 568 1488 Lors
583 1445 627 1487 fu
641 1445 672 1486 li
686 1445 784 1486 sires
807 1444 909 1484 molt
930 1443 1070 1484 dolans

463 1518 519 1557 Et
533 1516 636 1557 molt
650 1515 786 1571 pensis
801 1522 843 1555 et
858 1512 1084 1568 souspirans
1095 1544 1108 1565 ‚

463 1586 682 1628 Pourchou
695 1599 776 1642 que
790 1598 864 1626 son
878 1583 996 1625 chien
1009 1591 1054 1625 ot
1071 1591 1141 1625 tue

335 1657 434 1711 1370
460 1656 499 1698 A
514 1656 548 1697 si
562 1664 680 1712 grant
694 1663 779 1697 tort
793 1663 835 1696 et
849 1654 978 1696 deuie.

460 1726 636 1782 Alespee
646 1757 658 1779 ‚
685 1725 786 1766 dont
800 1725 829 1765 il
844 1732 888 1766 ot
902 1731 1012 1765 mort

461 1798 545 1838 son
558 1796 652 1837 biau
666 1795 813 1836 leur-ier
828 1810 850 1835 a
865 1794 898 1835 si
912 1801 1032 1849 grant
1046 1801 1129 1834 tort
1142 1823 1155 1845 ,

459 1865 586 1921 Auoit
594 1859 785 1921 *Qespeuse
799 1863 1048 1905 retrenchies

459 1936 712 1978 Isnielement
728 1943 769 1976 et
781 1933 1006 1990 rouegnies.

331 2006 431 2061 1375
459 2006 521 2048 Or
535 2006 635 2059 dist,
664 2019 771 2063 quen
785 2004 877 2046 escil
894 2019 945 2045 en
959 2003 1017 2045 ira
1027 2035 1039 2056 ,

456 2079 512 2118 Et
526 2091 567 2117 sa
581 2076 820 2132 penitanche
837 2090 887 2116 en
900 2074 988 2116 fera

458 2150 567 2188 Tout
581 2147 749 2189 autressi
763 2141 920 2188 comme
935 2145 1017 2186 dun
1031 2143 1212 2195 homme3

457 2218 505 2259 Ja
519 2231 599 2259 nen
615 2217 732 2276 quiet·
746 2215 860 2260 auoir
873 2223 1002 2258 metro
1015 2227 1181 2257 somme.
