1612 2840
166 351 217 391 uo
630 346 680 383 u
710 345 922 385 nomme

439 452 594 507 Quatre
611 451 746 508 vingts
763 451 852 508 pies
878 450 989 494 auoit
1008 449 1129 493 deles.

329 525 410 583 995
437 523 489 566 Li
502 523 577 564 dus
594 522 625 564 li
637 521 705 565 fist
717 522 752 564 si
768 530 887 578 grant
898 521 1072 575 homor,

436 594 558 637 clere
571 593 610 634 le
627 591 695 635 fist
710 592 762 634 do
776 606 868 634 mm·
882 600 1016 646 enter,

434 665 492 706 Et
507 663 542 706 si
560 662 602 704 ni
619 662 732 704 auoit
748 675 853 704 eune
872 669 1027 716 enh-ee,

359 768 363 769 γ
436 727 498 775 ΕτΧ
510 733 595 775 cele
609 731 731 774 estoit
744 731 779 773 si
796 731 892 773 bien
910 730 1075 788 gau-dee,

437 804 529 856 Que
546 816 621 844 nus
636 802 680 843 ni
699 800 851 843 entroit
867 814 959 843 sans
973 799 1152 857 congia,

314 887 412 916 ιοοο
439 874 577 927 Quant
594 872 623 913 li
638 871 804 928 guiches
816 878 879 913 ert
894 870 1123 914 vieronlies.

437 944 489 986 Li
503 943 578 985 dus
591 956 634 984 se
649 942 752 984 seoit
767 956 818 984 en
835 942 875 983 la
894 941 1054 998 phebe,

439 1017 488 1058 Ja
501 1028 553 1055 en
572 1014 683 1068 yuier
698 1013 741 1055 ni
761 1021 851 1056 eust
866 1012 1020 1070 glache.

438 1084 647 1127 Dedesous
665 1084 727 1126 cel
746 1083 819 1140 pin
845 1097 889 1125 se
908 1082 1025 1135 seuit,

437 1157 493 1196 Et
507 1169 570 1196 ses
587 1154 726 1197 assises
747 1155 762 1195 i
779 1152 921 1196 tenoit.

313 1227 412 1268 1005
439 1227 505 1268 Un
521 1225 632 1267 iours
645 1225 661 1266 i
675 1223 722 1266 fu
738 1224 769 1265 li
785 1223 861 1266 dus
878 1235 1016 1275 venus,

439 1297 654 1352 Auoeques
671 1294 730 1335 lui
745 1301 791 1336 ot
809 1293 862 1336 de
874 1305 937 1335 ses
955 1292 1061 1334 drus.

439 1365 508 1407 Cis
525 1365 616 1420 pins
633 1364 669 1406 si
687 1362 735 1405 fu
754 1363 858 1404 molt
877 1362 990 1404 hians
1007 1370 1050 1404 et
1063 1375 1174 1418 gens,

440 1436 485 1478 Si
498 1435 533 1476 si
545 1432 798 1490 departoient
817 1432 874 1473 les
891 1445 1002 1487 gens.

438 1508 524 1547 Nus
540 1505 637 1546 hom
653 1504 696 1544 ni
714 1503 821 1544 osoit
838 1501 990 1557 apoier,

314 1590 413 1618 ιοιο
439 1578 501 1617 Ne
515 1576 623 1616 riens
641 1587 720 1615 nen
739 1587 781 1614 as
798 1571 996 1614 branchos
1006 1571 1199 1613 drechier.
1283 1591 1290 1596 κ

433 1647 500 1688 En
518 1646 579 1687 cel
595 1644 680 1700 pais
702 1651 779 1685 not
794 1643 829 1685 si
843 1642 954 1685 riche
973 1642 1150 1695 homme,

356 1737 368 1742 -—
432 1716 485 1757 Ri
503 1715 518 1756 ἰ
534 1722 640 1756 osast
654 1727 747 1755 ruer
762 1725 918 1769 apome.

436 1787 548 1828 Pour
564 1784 670 1827 ehou
686 1783 863 1841 questoit
883 1782 934 1823 de
953 1782 1010 1823 tel
1030 1781 1200 1834 hiantes,

437 1855 488 1898 Li
505 1854 599 1911 pins
615 1854 749 1896 roiaus
763 1852 809 1894 fu
825 1851 985 1907 apieles.

718 2024 766 2065 L.

309 2211 354 2238 ιο
363 2197 408 2238 ι5
433 2173 506 2238 In
520 2196 594 2237 dus
602 2202 741 2247 senat,
760 2195 795 2236 si
809 2195 1003 2251 ksgardu,

437 2263 528 2303 Vne
542 2268 660 2315 grant
681 2259 824 2315 pieche
842 2260 878 2302 si
897 2268 995 2312 esta,

436 2332 493 2372 Et
507 2330 567 2371 vit
584 2330 689 2372 dune
705 2330 867 2371 rachiae
882 2329 971 2371 issir

437 2403 502 2441 Un
521 2399 627 2454 petit
643 2400 755 2454 pinel
779 2407 819 2439 et
837 2399 971 2440 saillir.

437 2471 509 2512 Ses
526 2469 813 2524 campaignons
831 2482 880 2509 en
895 2467 1036 2522 apiela‚
