1612 2840
595 256 693 294 DES
719 256 847 294 SEP'I'
873 257 1050 296 SAGES.

455 349 547 403 Que
562 349 655 392 bien
676 350 713 391 18
735 351 867 393 virent
880 353 972 408 plus
988 352 1039 394 de
1055 362 1159 395 cent.

323 420 428 474 2780
455 421 592 473 Quant
606 421 636 461 li
650 421 748 463 sires
764 421 802 463 le
816 422 876 464 vit
897 423 1032 478 paillir
1044 455 1055 476 ‚

454 493 510 531 Et
525 492 563 532 el
577 491 722 534 bachin
736 493 774 533 le
789 507 882 535 sanc
897 493 1081 536 blenchir
1093 526 1105 546 ‚

455 562 500 603 Si
517 562 581 602 lia
595 561 675 604 dit:
692 577 739 604 01·
752 563 789 603 le
804 572 953 605 mostes
965 595 977 618 ‚

454 632 619 675 Encore
639 648 688 675 en
704 633 892 675 iremaint
907 649 1032 688 asseS‚

455 704 512 744 Et
527 717 576 745 en
594 713 863 762 amporquant
879 706 911 746 si
928 720 978 747 en
993 719 1098 746 auon

323 773 429 827 2785
458 775 522 815 Un
537 774 608 830 poi
625 774 690 816 del
705 776 797 831 plus
817 777 981 818 maluais
997 790 1132 817 enson.

458 846 524 885 En
539 859 582 886 sa
597 847 759 888 cambre
773 861 844 889 sen
859 856 932 889 ont
946 856 1110 904 portem,

459 918 563 957 Lors
583 917 693 958 auoit
712 932 754 959 sa
769 931 878 959 mere
895 918 1085 971 mantice,

449 976 513 1027 'Et
529 987 591 1028 ele
605 987 619 1028 i
635 988 723 1029 vint
742 988 791 1029 de
814 989 1060 1030 maintenant
1071 1004 1084 1042 3

457 1058 517 1098 La
533 1056 615 1099 fille
631 1057 660 1098 li
675 1057 754 1100 dist
771 1073 833 1100 em
834 1061 1047 1116 plourant:

776 1201 900 1243 CXX.

321 1345 428 1389 2790
455 1310 553 1379 MA
577 1351 706 1393 mere,
721 1353 744 1379 a
757 1339 829 1394 poi
843 1354 895 1381 ne
908 1339 969 1381 sui
989 1341 1110 1395 mie,

454 1412 511 1450 Et
527 1408 799 1450 villainement
814 1410 1018 1452 escharnie
1027 1427 1039 1464 3

456 1482 534 1522 Cat·
550 1492 615 1520 me
631 1480 728 1521 sires
746 1495 810 1522 ma
825 1480 900 1522 fait
913 1481 1088 1523 sainnier

455 1554 519 1593 De
533 1565 619 1592 mes
634 1550 732 1592 deus
746 1551 838 1592 bras
853 1566 960 1607 pour
974 1553 1136 1609 alegier.

453 1624 510 1663 Et
525 1622 558 1662 si
573 1636 637 1662 ma
651 1635 876 1678 reprouuee
891 1631 1004 1664 sente
1014 1655 1027 1677 ‚

321 1693 428 1750 2795
455 1694 510 1733 Et
525 1707 567 1733 sa
579 1692 771 1746 leuriere‚
787 1693 828 1734 ki
846 1701 908 1734 ert
929 1703 1049 1751 gente
1060 1726 1072 1746 ‚

453 1764 543 1816 Que
562 1763 593 1804 li
608 1763 714 1804 occis
725 1793 737 1814 ‚
753 1771 795 1804 et
816 1778 890 1804 son
906 1765 1108 1820 maugier,

454 1834 546 1886 Que
564 1833 602 1874 ie
619 1831 666 1874 fis
682 1833 850 1875 vilment
865 1835 1095 1877 trebuchier
1102 1851 1116 1890 3
1162 1868 1165 1872 .

454 1903 517 1945 Or
531 1917 582 1945 en
595 1918 618 1944 a
636 1903 721 1958 pris
730 1903 904 1960 justiche
919 1905 1048 1959 forte,

453 1976 510 2016 Et
524 1974 617 2015 bien
637 1974 746 2030 pries
764 1975 850 2032 quil
867 1990 918 2016 ne
936 1991 1000 2017 ma
1018 1986 1160 2021 morte.

320 2047 428 2088 2800
455 2045 571 2087 Biele
584 2044 685 2097 fille,
700 2045 794 2087 bien
808 2047 846 2087 18
864 2047 1021 2100 sauoie‚

453 2118 509 2157 Et
526 2124 618 2157 tout
633 2116 740 2157 adies
757 2117 796 2159 le
812 2125 855 2159 te
870 2117 1008 2160 disoie.

450 2190 532 2229 'res
548 2187 646 2228 sires
666 2195 727 2228 est
745 2189 847 2229 molt
861 2188 911 2230 de
926 2203 1020 2246 gros
1038 2190 1150 2245 grain
1163 2222 1175 2243 ‚

451 2259 495 2301 Si
511 2258 608 2300 mait
623 2257 698 2299 dex
713 2266 753 2299 et
772 2259 877 2300 saint
895 2261 1086 2315 germain.

451 2331 506 2371 Se
521 2330 612 2385 plus
627 2328 655 2369 li
669 2328 810 2371 faisoie
825 2329 1025 2373 viltanche
1035 2363 1046 2384 ,

1409 271 1478 307 109
