1612 2840
656 311 978 350 EINLEITUNG.
1319 313 1418 359 ccvii

209 430 293 471 gen
319 430 395 457 zur
421 411 665 457 Geschiclzte
687 412 766 453 der
787 410 1097 454 romantisclzen
1119 410 1290 464 Poe-vie,
1321 428 1388 456 wo
1409 415 1422 439 ¹

211 488 276 531 ein
300 487 462 545 eigener
477 483 694 543 Abschnitt
711 499 793 526 von
809 498 975 526 unserer
990 484 1222 541 Erzae'ihlung
1243 486 1326 529 und
1343 486 1422 529 den

211 560 343 616 Sagen
363 572 457 601 vom
468 555 719 612 mythischen
738 556 874 613 Virgil
898 556 1082 610 handelt,
1109 557 1176 599 bei
1194 559 1375 600 Gmrun
1392 558 1423 602 2,

209 633 298 674 SAN
322 632 477 672 Mmm
499 628 556 670 im
586 626 798 686 Woffram
821 643 901 670 von
922 627 1199 670 Eschenbach
1215 628 1235 655 3
1256 646 1294 671 u.
1312 645 1347 671 a.

272 693 402 744 *fiber
433 701 512 743 den
535 701 692 743 'I'hurm
719 701 793 742 mit
818 701 896 743 den
919 700 1112 754 Bildern,
1139 702 1306 744 salvatio
1339 705 1423 743 Ro-

210 788 298 817 mae
319 781 516 831 genannt,
542 773 595 814 ist
618 772 687 815 das
709 763 866 815 Klteste
887 774 952 816 die
972 788 1050 816 von
1068 776 1219 817 Doce-N
1239 790 1308 816 aus
1329 775 1422 816 dem

208 848 266 888 im
284 846 429 889 achten
456 845 728 889 Jahrhundert
752 846 1072 901 geschriebenen'
1089 847 1438 892 Wessobrunner*

209 918 347 960 Codex
370 917 637 974 mitgetheilte
655 918 803 960 Stelle:
834 921 935 963 »VII
960 919 1163 961 Miracula.
1216 919 1421 962 Primum:

209 990 453 1046 Capitolium
474 993 652 1043 Romae,
678 988 885 1044 salu[a]tio
910 991 1034 1032 totius
1047 989 1140 1046 [..],
1170 991 1264 1049 quia
1282 993 1421 1034 civitas

205 1062 380 1114 civium,
407 1069 449 1103 et
480 1061 537 1102 ibi
576 1063 826 1104 consecratio
858 1070 1082 1105 statuarum
1113 1064 1296 1106 omnium
1325 1078 1422 1121 gen-

206 1135 321 1175 tium.
378 1133 472 1190 quia
499 1131 639 1189 [quae]
663 1141 818 1175 statuae
841 1134 991 1190 scripta
1015 1135 1178 1177 nomina
1195 1136 1237 1178 in
1254 1145 1421 1193 pectore

204 1205 359 1261 gentis,
382 1204 495 1258 cujus
524 1205 741 1260 imaginem
773 1206 988 1260 tenebant,
1014 1208 1246 1263 gestabant,
1278 1217 1319 1250 et
1343 1209 1421 1264 tin-

205 1277 430 1319 tinabulum
459 1276 501 1318 in
542 1277 648 1318 collo
679 1277 987 1336 uniuscujusque
1023 1288 1178 1322 statuae
1224 1288 1323 1322 erat.
1378 1289 1420 1322 et

205 1349 433 1392 sacerdotes
451 1349 516 1391 die
530 1363 576 1391 ac
592 1358 712 1391 nocte
726 1363 886 1407 semper
900 1351 1109 1408 vigilantes
1127 1353 1420 1396 custodiebant.

202 1430 244 1464 et
273 1435 375 1479 quae
400 1436 498 1478 gens
523 1422 568 1464 in
589 1422 787 1464 rebellum
818 1437 1059 1480 consurgere
1081 1425 1303 1468 conabatur
1323 1439 1420 1467 con-

201 1501 264 1535 tra
290 1497 566 1535 Romanorum
596 1494 831 1549 imperium,
867 1504 999 1537 statua
1026 1497 1133 1538 illius
1164 1497 1296 1553 gentis
1323 1511 1419 1539 con-

202 1565 442 1608 movebatur
473 1573 514 1606 et
539 1565 777 1607 tintinabula
806 1566 849 1608 in
879 1568 985 1609 collo
1018 1568 1124 1610 illius
1155 1570 1418 1621 resonabant,

203 1638 260 1679 ita
293 1645 339 1679 ut
368 1637 565 1693 scriptum
594 1651 756 1679 nomen·
774 1640 967 1681 contin-uo
1004 1640 1190 1683 sacerdos
1224 1643 1417 1698 principi-

201 1709 277 1751 bus
306 1709 563 1765 deportaret,
590 1717 632 1751 et
665 1710 743 1766 ipsi
778 1710 930 1768 absque
963 1726 1076 1754 mora
1110 1714 1332 1756 exercitum
1367 1716 1417 1757 ad

202 1780 502 1836 reprimendam
526 1790 690 1838 gentem
719 1782 979 1839 dirigerent«
1009 1809 1061 1818 —
1087 1787 1284 1828 Dasselbe
1309 1788 1420 1830 steht

201 1852 399 1909 unges-‘ihr
417 1852 474 1894 im
490 1851 628 1894 Liber
645 1854 696 1895 de
711 1854 979 1896 mirabilibus
998 1855 1163 1897 Romae
1180 1856 1218 1911 ⁴,
1236 1858 1303 1900 bei
1313 1862 1417 1905 Vm-

203 1940 376 1968 omnus
396 1927 736 1970 Bmmucmms
753 1925 790 1982 ⁵,
819 1928 1081 1972 ALExANnEn
1104 1932 1287 1974 Nncmm
1305 1929 1333 1974 ⁶.
1360 1955 1415 1963 -——

259 2054 269 2072 ι
293 2045 323 2074 S.
344 2053 393 2079 ¹¹7
412 2045 444 2074 ff.

249 2110 263 2130 ι
286 2105 415 2131 Vnicum
436 2099 580 2139 Eclogen.
605 2102 786 2142 Magdeburg
809 2107 896 2136 1830.

252 2165 270 2191 3
288 2162 313 2196 1,
332 2164 385 2193 635
404 2164 435 2191 ff.

247 2226 261 2253 ⁴
285 2219 473 2257 Abgedruckt
493 2219 524 2248 in
549 2222 795 2252 Monrmncox's
826 2224 974 2256 Diarium
1005 2227 1158 2262 italicum·
1190 2227 1268 2257 Paris
1311 2238 1320 2256 ι
1335 2237 1412 2264 70².

199 2275 226 2305 S.
253 2280 321 2307 285.
343 2281 407 2308 288·
444 2283 483 2310 V.
504 2283 647 2312 semum
666 2281 812 2321 Beitrage
836 2283 863 2313 S.
892 2294 944 2321 ¹²⁹
967 2283 988 2316 f.

249 2340 264 2367 5
286 2340 323 2367 V.
337 2339 479 2368 Scamm'r
497 2341 526 2371 S.
547 2345 596 2372 133
612 2345 633 2372 f.

247 2395 264 2421 ὁ
287 2394 417 2422 Duum?
438 2395 479 2425 11,
507 2399 565 2430 ¹34·
