1612 2840
581 272 679 311 DES
703 271 830 310 SEPT
859 272 1034 310 SAGES.

444 366 604 410 Dodens
619 366 677 408 VI
692 379 762 406 ans
778 364 873 406 lami
888 366 996 420 apris

442 441 633 479 Trestout
646 449 744 497 mon
758 448 848 477 sens
858 435 951 486 (che
967 443 1054 478 nest
1069 450 1141 493 pas
1156 441 1254 492 gas)

441 510 496 550 Et
510 508 547 549 la
562 506 712 563 clergie
727 506 929 549 bancillas.

768 636 873 677 xm.

335 757 415 800 315
441 736 570 803 D1s'1·
584 753 750 796 cathons
765 761 807 795 et
821 754 887 809 jou
907 766 956 795 en
971 755 1012 796 V
1030 768 1098 796 ans
1109 786 1120 807 ‚

442 827 533 879 Que
548 825 730 866 maistres
745 838 831 866 sera
848 832 890 866 et
903 824 1088 877 sachans‚

442 899 507 939 De
522 896 656 938 sauoir
670 909 740 937 aus
755 894 831 936 dex
846 903 888 936 et
902 895 966 936 del
982 896 1100 937 mien.

442 967 532 1009 Sire
545 967 648 1019 reis,
677 979 755 1007 nen
771 965 915 1008 doutes
930 965 980 1007 de
995 966 1093 1007 rien.

762 1085 872 1130 XIV.

440 1187 567 1251 D1s¹r
582 1203 828 1261 malquidas:
859 1211 900 1245 et
914 1203 983 1245 iou
998 1218 1048 1246 en
1066 1214 1220 1262 quatre,

332 1274 414 1316 320
441 1277 503 1316 Ne
517 1275 555 1316 ia
569 1290 621 1317 ne
635 1275 673 1316 la
689 1287 889 1316 conuenra
903 1275 1020 1316 batre
1029 1306 1042 1327 ‚

439 1347 500 1386 Ne
514 1344 552 1385 ia
567 1343 617 1385 de
632 1357 775 1400 verges
790 1344 1008 1386 atouchier.

438 1417 502 1457 De
517 1414 623 1456 chou
637 1428 702 1456 me
717 1415 809 1470 puis
827 1414 922 1457 bien
937 1414 1110 1457 afichier.

778 1545 867 1585 XV.

437 1644 522 1710 ΕΤ
537 1662 604 1704 iou
620 1677 669 1704 en
687 1663 811 1716 trois,
838 1662 912 1706 che
927 1663 1006 1713 dist
1015 1664 1150 1720 jesses.

437 1733 521 1774 lali
537 1733 674 1774 enfans
690 1734 796 1775 niert
816 1734 850 1775 si
866 1749 1009 1791 engres
1020 1766 1032 1786 ‚
1162 1761 1172 1781 χ

330 1803 410 1845 325
436 1806 498 1844 Ne
512 1803 541 1844 li
557 1819 732 1861 aprenge
748 1805 860 1858 (bien
875 1805 935 1846 los
952 1805 1057 1858 dire)

434 1876 493 1915 Le
508 1888 600 1915 sens
615 1889 657 1917 as
672 1883 816 1931 quatre
832 1883 872 1916 et
888 1876 925 1916 le
941 1876 1046 1916 mion
1059 1907 1070 1927 ,
1098 1876 1187 1917 sire.

700 1979 704 1985 ’
739 2005 847 2045 xv1.

436 2102 523 2168 ΕΝ
538 2123 668 2178 apries
683 2125 743 2166 cel
759 2138 893 2181 gesses
908 2134 1073 2182 respont

433 2195 611 2235 Damnas
625 2194 666 2235 ld
681 2196 801 2237 estoit
815 2197 906 2239 viex
920 2205 961 2238 et
976 2197 1112 2238 blont:

431 2265 488 2304 Et
502 2264 570 2305 iou
585 2278 633 2305 en
650 2265 747 2307 deus
762 2267 790 2308 li
811 2268 1024 2323 aprendrai

325 2333 403 2375 330
431 2334 546 2377 Chou
561 2336 616 2376 kil
631 2345 771 2379 seue-nt
786 2346 827 2380 et
848 2354 928 2396 que
943 2339 980 2380 ie
995 2340 1063 2381 sai.

1415 279 1459 314 15
